@article{kusner2016gans,
  title={{GAN}s for Sequences of Discrete Elements with the {G}umbel-softmax Distribution},
    author={Kusner, Matt J and Hern{\'a}ndez-Lobato, Jos{\'e} Miguel},
      journal={arXiv preprint arXiv:1611.04051},
        year={2016}
	}

  @article{Kato2015,
  title = "Global Brain Dynamics Embed the Motor Command Sequence of Caenorhabditis elegans ",
  journal = "Cell ",
  volume = "163",
  number = "3",
  pages = "656 - 669",
  year = "2015",
  note = "",
  issn = "0092-8674",
  doi = "https://doi.org/10.1016/j.cell.2015.09.034",
  author = "Saul Kato and Harris S. Kaplan and Tina Schrödel and Susanne Skora and Theodore H. Lindsay and Eviatar Yemini and Shawn Lockery and Manuel Zimmer",
  abstract = "Summary While isolated motor actions can be correlated with activities of neuronal networks, an unresolved problem is how the brain assembles these activities into organized behaviors like action sequences. Using brain-wide calcium imaging in Caenorhabditis elegans, we show that a large proportion of neurons across the brain share information by engaging in coordinated, dynamical network activity. This brain state evolves on a cycle, each segment of which recruits the activities of different neuronal sub-populations and can be explicitly mapped, on a single trial basis, to the animals’ major motor commands. This organization defines the assembly of motor commands into a string of run-and-turn action sequence cycles, including decisions between alternative behaviors. These dynamics serve as a robust scaffold for action selection in response to sensory input. This study shows that the coordination of neuronal activity patterns into global brain dynamics underlies the high-level organization of behavior. "
  }

@article{nguyen2016whole,
  title={Whole-brain calcium imaging with cellular resolution in freely behaving {C}aenorhabditis elegans},
    author={Nguyen, Jeffrey P and Shipley, Frederick B and Linder, Ashley N and Plummer, George S and Liu, Mochi and Setru, Sagar U and Shaevitz, Joshua W and Leifer, Andrew M},
      journal={Proceedings of the National Academy of Sciences},
        volume={113},
	  number={8},
	    pages={E1074--E1081},
	      year={2016},
	        publisher={National Acad Sciences}
		}

  @article{Mallows1957,
    title={Non-null ranking models. I},
    author={Mallows, Colin L},
    journal={Biometrika},
    volume={44},
    number={1/2},
    pages={114--130},
    year={1957},
    publisher={JSTOR}
  }

@article{kuhn1955hungarian,
  title={The {H}ungarian method for the assignment problem},
    author={Kuhn, Harold W},
      journal={Naval research logistics quarterly},
        volume={2},
	  number={1-2},
	    pages={83--97},
	      year={1955},
	        publisher={Wiley Online Library}
		}
@article{varshney2011structural,
  title={Structural properties of the Caenorhabditis elegans neuronal network},
    author={Varshney, Lav R and Chen, Beth L and Paniagua, Eric and Hall, David H and Chklovskii,   Dmitri B},
       journal={PLoS computational biology},
         volume={7},
          number={2},
            pages={e1001066},
              year={2011},
                publisher={Public Library of Science}
}
@inproceedings{wormatlas,
    author = {Lints, Robyn and Altun, Zeynep F. and Weng, Huawei and Stephney, Tylon and Stephney, Gloria and Volaski, Maurice and Hall, David H.},
    citeulike-article-id = {3319175},
    citeulike-linkout-0 = {http://www.wormbase.org/db/misc/paper?name=WBPaper00025697},
    journal = {International Worm Meeting},
    posted-at = {2009-05-22 18:27:17},
    title = {{WormAtlas Update}},
    year = {2005}
}

@article{Grosenick2015,
  title={Closed-loop and activity-guided optogenetic control},
  author={Grosenick, Logan and Marshel, James H and Deisseroth, Karl},
  journal={Neuron},
  volume={86},
  number={1},
  pages={106--139},
  year={2015},
  publisher={Elsevier}
}
@article {Aoki2017,
	author = {Aoki, Wataru and Matsukura, Hidenori and Yamauchi, Yuji and Yokoyama, Haruki and Hasegawa, Koichi and Shinya, Ryoji and Ueda, Mitsuyoshi},
	title = {Cellomics approach for high-throughput functional annotation of Caenorhabditis elegans neural network},
	year = {2017},
	doi = {10.1101/182923},
	publisher = {Cold Spring Harbor Laboratory},
	abstract = {Even in Caenorhabditis elegans, which has only 302 neurons, relationships between behaviors and neural networks are not easily elucidated. In this study, we proposed a novel cellomics approach enabling high-throughput and comprehensive exploration of the functions of a single neuron or a subset of neurons in a complex neural network on a particular behavior. To realize this, we combined optogenetics and Brainbow technologies. Using these technologies, we established a C. elegans library where opsin is labeled in a randomized pattern. Behavioral analysis on this library under light illumination enabled high-throughput annotation of neurons affecting target behaviors. We applied this approach to the egg-laying behavior of C. elegans and succeeded in high-throughput confirmation that hermaphrodite-specific neurons play an important role in the egg-laying behavior. This cellomics approach will lead to the accumulation of neurophysiological and behavioral data of the C. elegans neural network, which is necessary for constructing neuroanatomically grounded models of behavior.},
	eprint = {https://www.biorxiv.org/content/early/2017/08/31/182923.full.pdf},
	journal = {bioRxiv}
}

@article{Livet2007,
  title={Transgenic strategies for combinatorial expression of fluorescent proteins in the nervous system},
  author={Livet, Jean and Weissman, Tamily A and Kang, Hyuno and Draft, Ryan W and Lu, Ju and Bennis, Robyn A and Sanes, Joshua R and Lichtman, Jeff W},
  journal={Nature},
  volume={450},
  number={7166},
  pages={56},
  year={2007},
  publisher={Nature Publishing Group}
}

@article{white1986structure,
  title={The structure of the nervous system of the nematode {C}aenorhabditis elegans: the mind of a worm},
  author={White, John G and Southgate, Eileen and Thomson, J Nichol and Brenner, Sydney},
  journal={Phil. Trans. R. Soc. Lond},
  volume={314},
  pages={1--340},
  year={1986}
}
@article{munkres1957algorithms,
  title={Algorithms for the assignment and transportation problems},
    author={Munkres, James},
      journal={Journal of the society for industrial and applied mathematics},
        volume={5},
	  number={1},
	    pages={32--38},
	      year={1957},
	        publisher={SIAM}
		}

@article{lawler1963quadratic,
  title={The quadratic assignment problem},
    author={Lawler, Eugene L},
      journal={Management science},
        volume={9},
	  number={4},
	    pages={586--599},
	      year={1963},
	        publisher={INFORMS}
		}

@article{mitnik2013kumar,
author = { Pablo A.   Mitnik },
title = {New Properties of the Kumaraswamy Distribution},
journal = {Communications in Statistics - Theory and Methods},
volume = {42},
number = {5},
pages = {741-755},
year = {2013},
doi = {10.1080/03610926.2011.581782},
}

@book{browder2012mathematical,
  title={Mathematical analysis: an introduction},
  author={Browder, Andrew},
  year={2012},
  publisher={Springer Science \& Business Media}
}



@book{Rockafellar70,
  added-at = {2008-03-02T02:12:02.000+0100},
  address = {Princeton, N. J.},
  author = {Rockafellar, R. Tyrrell},
  biburl = {http://www.bibsonomy.org/bibtex/223aa07ea525f6dd11585fc2037a0daf1/dmartins},
  callnumber = {UniM Maths 516.08 R59},
  description = {robotica-bib},
  interhash = {30830becb0a2c5ebca5946b895d9740a},
  intrahash = {23aa07ea525f6dd11585fc2037a0daf1},
  keywords = {imported},
  notes = {A SRL reference.},
  publisher = {Princeton University Press},
  series = {Princeton Mathematical Series},
  timestamp = {2008-03-02T02:14:11.000+0100},
  title = {Convex analysis},
  year = 1970
}

@article{jang2016categorical,
  title={Categorical Reparameterization with {G}umbel-Softmax},
    author={Jang, Eric and Gu, Shixiang and Poole, Ben},
      journal={arXiv preprint arXiv:1611.01144},
        year={2016}
	}

@article{maddison2016concrete,
  title={The Concrete Distribution: A Continuous Relaxation of Discrete Random Variables},
    author={Maddison, Chris J and Mnih, Andriy and Teh, Yee Whye},
      journal={arXiv preprint arXiv:1611.00712},
        year={2016}
	}

@inproceedings{linderman2015dependent,
  title={Dependent Multinomial Models Made Easy: Stick-Breaking with the Polya-gamma Augmentation},
    author={Linderman, Scott and Johnson, Matthew and Adams, Ryan P},
      booktitle={Advances in Neural Information Processing Systems},
        pages={3456--3464},
	  year={2015}
	  }

@article{Linderman2016,
      title={Recurrent switching linear dynamical systems},
      author={Linderman, Scott W and Miller, Andrew C and Adams, Ryan P and Blei, David M and Paninski, Liam and Johnson, Matthew J},
      journal={arXiv preprint arXiv:1610.08466},
      year={2016}
}
@article{Blei2017,
  title={Variational inference: A review for statisticians},
  author={Blei, David M and Kucukelbir, Alp and McAuliffe, Jon D},
  journal={Journal of the American Statistical Association},
  number={just-accepted},
  year={2017},
  publisher={Taylor \& Francis}
}

@article{Salimans2013,
	Author = {Salimans, Tim and Knowles, David A.},
	Journal = {Bayesian Analysis},
	Number = {4},
	Pages = {837--882},
	Title = {Fixed-Form Variational Posterior Approximation through Stochastic Linear Regression},
	Volume = {8},
	Year = {2013}}
@article{Glynn1990,
	Author = {Glynn, P. W.},
	Journal = {Communications of the ACM},
	Month = {oct},
	Number = {10},
	Pages = {75--84},
	Title = {Likelihood ratio gradient estimation for stochastic systems},
	Volume = {33},
	Year = {1990}}

@article{Williams1992,
	Author = {Williams, R. J.},
	Journal = {Machine Learning},
	Number = {3--4},
	Pages = {229--256},
	Title = {Simple statistical gradient-following algorithms for connectionist reinforcement learning},
	Volume = {8},
	Year = {1992}}

@inproceedings{Kingma2014,
	Author = {Kingma, D. P. and Welling, M.},
	Booktitle = {International Conference on Learning Representations},
	Title = {Auto-Encoding Variational {B}ayes},
	Year = {2014}}

@article{Price1958,
	Author = {Price, R.},
	Journal = {IRE Transactions on Information Theory},
	Number = {2},
	Pages = {69--72},
	Title = {A useful theorem for nonlinear devices having {G}aussian inputs},
	Volume = {4},
	Year = {1958}}

@article{Bonnet1964,
	Author = {Bonnet, G.},
	Journal = {Annals of Telecommunications},
	Number = {9},
	Pages = {203--220},
	Title = {Transformations des signaux al{\'e}atoires a travers les systemes non lin{\'e}aires sans m{\'e}moire},
	Volume = {19},
	Year = {1964}}

@article{bloem2016random,
  title={Random Walk Models of Network Formation and Sequential {M}onte {C}arlo Methods for Graphs},
  author={Bloem-Reddy, Benjamin and Orbanz, Peter},
  journal={arXiv preprint arXiv:1612.06404},
  year={2016}
}

@article{rao2016bayesian,
  title={Bayesian inference for {M}at{\'e}rn repulsive processes},
  author={Rao, Vinayak and Adams, Ryan P and Dunson, David D},
  journal={Journal of the Royal Statistical Society: Series B (Statistical Methodology)},
  year={2016},
  publisher={Wiley Online Library}
}

@inproceedings{rezende2014stochastic,
  title={Stochastic Backpropagation and Approximate Inference in Deep Generative Models},
  author={Rezende, Danilo Jimenez and Mohamed, Shakir and Wierstra, Daan},
  booktitle={Proceedings of The 31st International Conference on Machine Learning},
  pages={1278--1286},
  year={2014}
}

@incollection{diaconis1988group,
  title={Group representations in probability and statistics},
  author={Diaconis, Persi},
  booktitle={Institute of Mathematical Statistics Lecture Notes---Monograph Series},
  volume={11},
  year={1988},
  editor={Shanti S. Gupta}
}

@article{Diaconis2009,
  title={The markov chain monte carlo revolution},
  author={Diaconis, Persi},
  journal={Bulletin of the American Mathematical Society},
  volume={46},
  number={2},
  pages={179--205},
  year={2009}
}

@article{Vogelstein2015,
  title={Fast approximate quadratic programming for graph matching},
  author={Vogelstein, Joshua T and Conroy, John M and Lyzinski, Vince and Podrazik, Louis J and Kratzer, Steven G and Harley, Eric T and Fishkind, Donniell E and Vogelstein, R Jacob and Priebe, Carey E},
  journal={PLOS one},
  volume={10},
  number={4},
  pages={e0121002},
  year={2015},
  publisher={Public Library of Science}
}
@inproceedings{Klami2012,
  title={Variational bayesian matching},
  author={Klami, Arto},
  booktitle={Asian conference on machine learning},
  pages={205--220},
  year={2012}
}

@article{huang2009fourier,
  title={{F}ourier theoretic probabilistic inference over permutations},
  author={Huang, Jonathan and Guestrin, Carlos and Guibas, Leonidas},
  journal={Journal of machine learning research},
  volume={10},
  number={May},
  pages={997--1070},
  year={2009}
}

@inproceedings{guibas2008identity,
  title={The identity management problem—a short survey},
    author={Guibas, Leonidas J},
      booktitle={11th International Conference on Information Fusion},
        pages={1--7},
	  year={2008},
	    organization={IEEE}
	    }

@inproceedings{shin2005lazy,
  title={Lazy inference on object identities in wireless sensor networks},
    author={Shin, Jaewon and Lee, Nelson and Thrun, Sebastian and Guibas, Leonidas},
      booktitle={Proceedings of the 4th international symposium on Information processing in sensor networks},
        pages={23},
	  year={2005},
	    organization={IEEE Press}
	    }

@article{lebanon2008non,
  title={Non-parametric modeling of partially ranked data},
    author={Lebanon, Guy and Mao, Yi},
      journal={Journal of Machine Learning Research},
        volume={9},
	  number={Oct},
	    pages={2401--2429},
	      year={2008}
	      }


@article{helmbold2009learning,
  title={Learning permutations with exponential weights},
    author={Helmbold, David P and Warmuth, Manfred K},
      journal={Journal of Machine Learning Research},
        volume={10},
	  number={Jul},
	    pages={1705--1736},
	      year={2009}
	      }

@inproceedings{kondor2007multi,
  title={Multi-object tracking with representations of the symmetric group.},
    author={Kondor, Risi and Howard, Andrew and Jebara, Tony},
      booktitle={AISTATS},
        volume={1},
	  number={1},
	    pages={5},
	      year={2007}
	      }

@inproceedings{plis2011directional,
  title={Directional Statistics on Permutations.},
    author={Plis, Sergey M and McCracken, Stephen and Lane, Terran and Calhoun, Vince D},
      booktitle={AISTATS},
        pages={600--608},
	  year={2011}
	  }

@inproceedings{meilua2007consensus,
  title={Consensus ranking under the exponential model},
    author={Meil{\u{a}}, Marina and Phadnis, Kapil and Patterson, Arthur and Bilmes, Jeff},
      booktitle={In Proceedings of the 23rd Annual Conference on Uncertainty in Artificial Intelligence (UAI},
        year={2007}
	}

@inproceedings{lim2014beyond,
  title={Beyond the {B}irkhoff polytope: {C}onvex relaxations for vector permutation problems},
    author={Lim, Cong Han and Wright, Stephen},
      booktitle={Advances in Neural Information Processing Systems},
        pages={2168--2176},
	  year={2014}
	  }

@article{adams2011ranking,
  title={Ranking via Sinkhorn Propagation},
    author={Adams, Ryan Prescott and Zemel, Richard S},
      journal={arXiv preprint arXiv:1106.1925},
        year={2011}
	}

@article{miller2013exact,
  title={Exact sampling and counting for fixed-margin matrices},
    author={Miller, Jeffrey W and Harrison, Matthew T and others},
      journal={The Annals of Statistics},
        volume={41},
	  number={3},
	    pages={1569--1592},
	      year={2013},
	        publisher={Institute of Mathematical Statistics}
		}

@article{harrison2013importance,
  title={Importance sampling for weighted binary random matrices with specified margins},
    author={Harrison, Matthew T and Miller, Jeffrey W},
      journal={arXiv preprint arXiv:1301.3928},
        year={2013}
	}

@inproceedings{fogel2013convex,
  title={Convex relaxations for permutation problems},
    author={Fogel, Fajwel and Jenatton, Rodolphe and Bach, Francis and d'Aspremont, Alexandre},
      booktitle={Advances in Neural Information Processing Systems},
        pages={1016--1024},
	  year={2013}
	  }

@article{chandrasekaran2012convex,
  title={The convex geometry of linear inverse problems},
    author={Chandrasekaran, Venkat and Recht, Benjamin and Parrilo, Pablo A and Willsky, Alan S},
      journal={Foundations of Computational mathematics},
        volume={12},
	  number={6},
	    pages={805--849},
	      year={2012},
	        publisher={Springer}
		}

@article{li2013efficient,
  title={Efficient Feature Learning using {P}erturb-and-{MAP}},
  author={Li, Ke and Swersky, Kevin and Zemel, Richard},
  journal={Neural Information Processing Systems Workshop on Perturbations, Optimization, and Statistics},
  year={2013}
  }

@article{knight2008sinkhorn,
  title={The {S}inkhorn--{K}nopp algorithm: convergence and applications},
    author={Knight, Philip A},
      journal={SIAM Journal on Matrix Analysis and Applications},
        volume={30},
	  number={1},
	    pages={261--275},
	      year={2008},
	        publisher={SIAM}
		}

@inproceedings{naesseth2017reparameterization,
  title={Reparameterization Gradients through Acceptance-Rejection Sampling Algorithms},
    author={Naesseth, Christian and Ruiz, Francisco and Linderman, Scott and Blei, David},
      booktitle={Artificial Intelligence and Statistics},
        pages={489--498},
	  year={2017}
	  }

@article{hoffman2013stochastic,
  title={Stochastic variational inference},
    author={Hoffman, Matthew D and Blei, David M and Wang, Chong and Paisley, John},
      journal={The Journal of Machine Learning Research},
        volume={14},
	  number={1},
	    pages={1303--1347},
	      year={2013},
	        publisher={JMLR. org}
		}

@article{sinkhorn1967concerning,
  title={Concerning nonnegative matrices and doubly stochastic matrices},
    author={Sinkhorn, Richard and Knopp, Paul},
      journal={Pacific Journal of Mathematics},
        volume={21},
	  number={2},
	    pages={343--348},
	      year={1967},
	        publisher={Mathematical Sciences Publishers}
		}

@inproceedings{balog2017lost,
  title={Lost Relatives of the {G}umbel Trick},
    author={Balog, Matej and Tripuraneni, Nilesh and Ghahramani, Zoubin and Weller, Adrian},
     booktitle={Proceedings of the International Conference on Machine Learning},
	  year={2017}
	  }

