@article{kusner2016gans,
  title={{GAN}s for Sequences of Discrete Elements with the {G}umbel-softmax Distribution},
    author={Kusner, Matt J and Hern{\'a}ndez-Lobato, Jos{\'e} Miguel},
      journal={arXiv preprint arXiv:1611.04051},
        year={2016}
	}






@article{mitnik2013kumar,
author = { Pablo A.   Mitnik },
title = {New Properties of the Kumaraswamy Distribution},
journal = {Communications in Statistics - Theory and Methods},
volume = {42},
number = {5},
pages = {741-755},
year = {2013},
doi = {10.1080/03610926.2011.581782},
URL = { 
        http://dx.doi.org/10.1080/03610926.2011.581782
}
}



@article{jang2016categorical,
  title={Categorical Reparameterization with {G}umbel-Softmax},
    author={Jang, Eric and Gu, Shixiang and Poole, Ben},
      journal={arXiv preprint arXiv:1611.01144},
        year={2016}
	}

@article{maddison2016concrete,
  title={The Concrete Distribution: A Continuous Relaxation of Discrete Random Variables},
    author={Maddison, Chris J and Mnih, Andriy and Teh, Yee Whye},
      journal={arXiv preprint arXiv:1611.00712},
        year={2016}
	}

@inproceedings{linderman2015dependent,
  title={Dependent Multinomial Models Made Easy: Stick-Breaking with the Polya-gamma Augmentation},
    author={Linderman, Scott and Johnson, Matthew and Adams, Ryan P},
      booktitle={Advances in Neural Information Processing Systems},
        pages={3456--3464},
	  year={2015}
	  }

@article{Salimans2013,
	Author = {Salimans, Tim and Knowles, David A.},
	Journal = {Bayesian Analysis},
	Number = {4},
	Pages = {837--882},
	Title = {Fixed-Form Variational Posterior Approximation through Stochastic Linear Regression},
	Volume = {8},
	Year = {2013}}
@article{Glynn1990,
	Author = {Glynn, P. W.},
	Journal = {Communications of the ACM},
	Month = {oct},
	Number = {10},
	Pages = {75--84},
	Title = {Likelihood ratio gradient estimation for stochastic systems},
	Volume = {33},
	Year = {1990}}

@article{Williams1992,
	Author = {Williams, R. J.},
	Journal = {Machine Learning},
	Number = {3--4},
	Pages = {229--256},
	Title = {Simple statistical gradient-following algorithms for connectionist reinforcement learning},
	Volume = {8},
	Year = {1992}}

@inproceedings{Kingma2014,
	Author = {Kingma, D. P. and Welling, M.},
	Booktitle = {International Conference on Learning Representations},
	Title = {Auto-Encoding Variational {B}ayes},
	Year = {2014}}

@article{Price1958,
	Author = {Price, R.},
	Journal = {IRE Transactions on Information Theory},
	Number = {2},
	Pages = {69--72},
	Title = {A useful theorem for nonlinear devices having {G}aussian inputs},
	Volume = {4},
	Year = {1958}}

@article{Bonnet1964,
	Author = {Bonnet, G.},
	Journal = {Annals of Telecommunications},
	Number = {9},
	Pages = {203--220},
	Title = {Transformations des signaux al{\'e}atoires a travers les systemes non lin{\'e}aires sans m{\'e}moire},
	Volume = {19},
	Year = {1964}}
