@article{kusner2016gans,
  title={{GAN}s for Sequences of Discrete Elements with the {G}umbel-softmax Distribution},
    author={Kusner, Matt J and Hern{\'a}ndez-Lobato, Jos{\'e} Miguel},
      journal={arXiv preprint arXiv:1611.04051},
        year={2016}
	}


@article{kuhn1955hungarian,
  title={The {H}ungarian method for the assignment problem},
    author={Kuhn, Harold W},
      journal={Naval research logistics quarterly},
        volume={2},
	  number={1-2},
	    pages={83--97},
	      year={1955},
	        publisher={Wiley Online Library}
		}

@article{munkres1957algorithms,
  title={Algorithms for the assignment and transportation problems},
    author={Munkres, James},
      journal={Journal of the society for industrial and applied mathematics},
        volume={5},
	  number={1},
	    pages={32--38},
	      year={1957},
	        publisher={SIAM}
		}

@article{lawler1963quadratic,
  title={The quadratic assignment problem},
    author={Lawler, Eugene L},
      journal={Management science},
        volume={9},
	  number={4},
	    pages={586--599},
	      year={1963},
	        publisher={INFORMS}
		}

@article{mitnik2013kumar,
author = { Pablo A.   Mitnik },
title = {New Properties of the Kumaraswamy Distribution},
journal = {Communications in Statistics - Theory and Methods},
volume = {42},
number = {5},
pages = {741-755},
year = {2013},
doi = {10.1080/03610926.2011.581782},
URL = { 
        http://dx.doi.org/10.1080/03610926.2011.581782
}
}

@book{browder2012mathematical,
  title={Mathematical analysis: an introduction},
  author={Browder, Andrew},
  year={2012},
  publisher={Springer Science \& Business Media}
}



@book{Rockafellar70,
  added-at = {2008-03-02T02:12:02.000+0100},
  address = {Princeton, N. J.},
  author = {Rockafellar, R. Tyrrell},
  biburl = {http://www.bibsonomy.org/bibtex/223aa07ea525f6dd11585fc2037a0daf1/dmartins},
  callnumber = {UniM Maths 516.08 R59},
  description = {robotica-bib},
  interhash = {30830becb0a2c5ebca5946b895d9740a},
  intrahash = {23aa07ea525f6dd11585fc2037a0daf1},
  keywords = {imported},
  notes = {A SRL reference.},
  publisher = {Princeton University Press},
  series = {Princeton Mathematical Series},
  timestamp = {2008-03-02T02:14:11.000+0100},
  title = {Convex analysis},
  year = 1970
}

@article{jang2016categorical,
  title={Categorical Reparameterization with {G}umbel-Softmax},
    author={Jang, Eric and Gu, Shixiang and Poole, Ben},
      journal={arXiv preprint arXiv:1611.01144},
        year={2016}
	}

@article{maddison2016concrete,
  title={The Concrete Distribution: A Continuous Relaxation of Discrete Random Variables},
    author={Maddison, Chris J and Mnih, Andriy and Teh, Yee Whye},
      journal={arXiv preprint arXiv:1611.00712},
        year={2016}
	}

@inproceedings{linderman2015dependent,
  title={Dependent Multinomial Models Made Easy: Stick-Breaking with the Polya-gamma Augmentation},
    author={Linderman, Scott and Johnson, Matthew and Adams, Ryan P},
      booktitle={Advances in Neural Information Processing Systems},
        pages={3456--3464},
	  year={2015}
	  }

@article{Salimans2013,
	Author = {Salimans, Tim and Knowles, David A.},
	Journal = {Bayesian Analysis},
	Number = {4},
	Pages = {837--882},
	Title = {Fixed-Form Variational Posterior Approximation through Stochastic Linear Regression},
	Volume = {8},
	Year = {2013}}
@article{Glynn1990,
	Author = {Glynn, P. W.},
	Journal = {Communications of the ACM},
	Month = {oct},
	Number = {10},
	Pages = {75--84},
	Title = {Likelihood ratio gradient estimation for stochastic systems},
	Volume = {33},
	Year = {1990}}

@article{Williams1992,
	Author = {Williams, R. J.},
	Journal = {Machine Learning},
	Number = {3--4},
	Pages = {229--256},
	Title = {Simple statistical gradient-following algorithms for connectionist reinforcement learning},
	Volume = {8},
	Year = {1992}}

@inproceedings{Kingma2014,
	Author = {Kingma, D. P. and Welling, M.},
	Booktitle = {International Conference on Learning Representations},
	Title = {Auto-Encoding Variational {B}ayes},
	Year = {2014}}

@article{Price1958,
	Author = {Price, R.},
	Journal = {IRE Transactions on Information Theory},
	Number = {2},
	Pages = {69--72},
	Title = {A useful theorem for nonlinear devices having {G}aussian inputs},
	Volume = {4},
	Year = {1958}}

@article{Bonnet1964,
	Author = {Bonnet, G.},
	Journal = {Annals of Telecommunications},
	Number = {9},
	Pages = {203--220},
	Title = {Transformations des signaux al{\'e}atoires a travers les systemes non lin{\'e}aires sans m{\'e}moire},
	Volume = {19},
	Year = {1964}}

@article{bloem2016random,
  title={Random Walk Models of Network Formation and Sequential {M}onte {C}arlo Methods for Graphs},
  author={Bloem-Reddy, Benjamin and Orbanz, Peter},
  journal={arXiv preprint arXiv:1612.06404},
  year={2016}
}

@article{rao2016bayesian,
  title={Bayesian inference for {M}at{\'e}rn repulsive processes},
  author={Rao, Vinayak and Adams, Ryan P and Dunson, David D},
  journal={Journal of the Royal Statistical Society: Series B (Statistical Methodology)},
  year={2016},
  publisher={Wiley Online Library}
}

@inproceedings{rezende2014stochastic,
  title={Stochastic Backpropagation and Approximate Inference in Deep Generative Models},
  author={Rezende, Danilo Jimenez and Mohamed, Shakir and Wierstra, Daan},
  booktitle={Proceedings of The 31st International Conference on Machine Learning},
  pages={1278--1286},
  year={2014}
}

@incollection{diaconis1988group,
  title={Group representations in probability and statistics},
  author={Diaconis, Persi},
  booktitle={Institute of Mathematical Statistics Lecture Notes---Monograph Series},
  volume={11},
  year={1988},
  editor={Shanti S. Gupta}
}

@article{huang2009fourier,
  title={{F}ourier theoretic probabilistic inference over permutations},
  author={Huang, Jonathan and Guestrin, Carlos and Guibas, Leonidas},
  journal={Journal of machine learning research},
  volume={10},
  number={May},
  pages={997--1070},
  year={2009}
}

@inproceedings{guibas2008identity,
  title={The identity management problemâ€”a short survey},
    author={Guibas, Leonidas J},
      booktitle={11th International Conference on Information Fusion},
        pages={1--7},
	  year={2008},
	    organization={IEEE}
	    }

@inproceedings{shin2005lazy,
  title={Lazy inference on object identities in wireless sensor networks},
    author={Shin, Jaewon and Lee, Nelson and Thrun, Sebastian and Guibas, Leonidas},
      booktitle={Proceedings of the 4th international symposium on Information processing in sensor networks},
        pages={23},
	  year={2005},
	    organization={IEEE Press}
	    }

@article{lebanon2008non,
  title={Non-parametric modeling of partially ranked data},
    author={Lebanon, Guy and Mao, Yi},
      journal={Journal of Machine Learning Research},
        volume={9},
	  number={Oct},
	    pages={2401--2429},
	      year={2008}
	      }


@article{helmbold2009learning,
  title={Learning permutations with exponential weights},
    author={Helmbold, David P and Warmuth, Manfred K},
      journal={Journal of Machine Learning Research},
        volume={10},
	  number={Jul},
	    pages={1705--1736},
	      year={2009}
	      }

@inproceedings{kondor2007multi,
  title={Multi-object tracking with representations of the symmetric group.},
    author={Kondor, Risi and Howard, Andrew and Jebara, Tony},
      booktitle={AISTATS},
        volume={1},
	  number={1},
	    pages={5},
	      year={2007}
	      }

@inproceedings{plis2011directional,
  title={Directional Statistics on Permutations.},
    author={Plis, Sergey M and McCracken, Stephen and Lane, Terran and Calhoun, Vince D},
      booktitle={AISTATS},
        pages={600--608},
	  year={2011}
	  }

@inproceedings{meilua2007consensus,
  title={Consensus ranking under the exponential model},
    author={Meil{\u{a}}, Marina and Phadnis, Kapil and Patterson, Arthur and Bilmes, Jeff},
      booktitle={In Proceedings of the 23rd Annual Conference on Uncertainty in Artificial Intelligence (UAI},
        year={2007}
	}

@inproceedings{lim2014beyond,
  title={Beyond the {B}irkhoff polytope: {C}onvex relaxations for vector permutation problems},
    author={Lim, Cong Han and Wright, Stephen},
      booktitle={Advances in Neural Information Processing Systems},
        pages={2168--2176},
	  year={2014}
	  }

@article{adams2011ranking,
  title={Ranking via Sinkhorn Propagation},
    author={Adams, Ryan Prescott and Zemel, Richard S},
      journal={arXiv preprint arXiv:1106.1925},
        year={2011}
	}

@article{miller2013exact,
  title={Exact sampling and counting for fixed-margin matrices},
    author={Miller, Jeffrey W and Harrison, Matthew T and others},
      journal={The Annals of Statistics},
        volume={41},
	  number={3},
	    pages={1569--1592},
	      year={2013},
	        publisher={Institute of Mathematical Statistics}
		}
		
@article{harrison2013importance,
  title={Importance sampling for weighted binary random matrices with specified margins},
    author={Harrison, Matthew T and Miller, Jeffrey W},
      journal={arXiv preprint arXiv:1301.3928},
        year={2013}
	}

@inproceedings{fogel2013convex,
  title={Convex relaxations for permutation problems},
    author={Fogel, Fajwel and Jenatton, Rodolphe and Bach, Francis and d'Aspremont, Alexandre},
      booktitle={Advances in Neural Information Processing Systems},
        pages={1016--1024},
	  year={2013}
	  }

@article{chandrasekaran2012convex,
  title={The convex geometry of linear inverse problems},
    author={Chandrasekaran, Venkat and Recht, Benjamin and Parrilo, Pablo A and Willsky, Alan S},
      journal={Foundations of Computational mathematics},
        volume={12},
	  number={6},
	    pages={805--849},
	      year={2012},
	        publisher={Springer}
		}

@article{li2013efficient,
  title={Efficient Feature Learning using {P}erturb-and-{MAP}},
  author={Li, Ke and Swersky, Kevin and Zemel, Richard},
  journal={Neural Information Processing Systems Workshop on Perturbations, Optimization, and Statistics},
  year={2013}
  }

@article{knight2008sinkhorn,
  title={The {S}inkhorn--{K}nopp algorithm: convergence and applications},
    author={Knight, Philip A},
      journal={SIAM Journal on Matrix Analysis and Applications},
        volume={30},
	  number={1},
	    pages={261--275},
	      year={2008},
	        publisher={SIAM}
		}

@inproceedings{naesseth2017reparameterization,
  title={Reparameterization Gradients through Acceptance-Rejection Sampling Algorithms},
    author={Naesseth, Christian and Ruiz, Francisco and Linderman, Scott and Blei, David},
      booktitle={Artificial Intelligence and Statistics},
        pages={489--498},
	  year={2017}
	  }