@article{kato2015global,
  title={Global brain dynamics embed the motor command sequence of Caenorhabditis elegans},
    author={Kato, Saul and Kaplan, Harris S and Schr{\"o}del, Tina and Skora, Susanne and Lindsay, Theodore H and Yemini, Eviatar and Lockery, Shawn and Zimmer, Manuel},
      journal={Cell},
        volume={163},
	  number={3},
	    pages={656--669},
	      year={2015},
	        publisher={Elsevier}
		}

@article{white1986structure,
  title={The structure of the nervous system of the nematode Caenorhabditis elegans},
    author={White, John G and Southgate, Eileen and Thomson, J Nichol and Brenner, Sydney},
      journal={Philos Trans R Soc Lond B Biol Sci},
        volume={314},
	  number={1165},
	    pages={1--340},
	      year={1986},
	        publisher={Citeseer}
		}

@article{kuhn1955hungarian,
  title={The {H}ungarian method for the assignment problem},
    author={Kuhn, Harold W},
      journal={Naval research logistics quarterly},
        volume={2},
	  number={1-2},
	    pages={83--97},
	      year={1955},
	        publisher={Wiley Online Library}
		}